@URL{Octavio-OSD335x,
    TITLE={Texas Instruments Octavio System, OSD335x-SM System-in-Package},
    URL={https://octavosystems.com/octavo_products/osd335x-sm/}.
}

@BOOK{MG,
    AUTHOR={M. Goossens and F. Mittelbach and A. Samarin},
    TITLE={A LaTeX Companion},
    PUBLISHER={Addison-Wesley},
    ADDRESS={Reading, MA},
    YEAR=1994.
}
